@inproceedings{SoftverAutopilot,  
	author={Ribler, R.L. and Vetter, J.S. and Simitci, H. and Reed, D.A.}, 
 booktitle={Proceedings. The Seventh International Symposium on High Performance Distributed Computing (Cat. No.98TB100244)},  
 title={Autopilot: adaptive control of distributed applications}, 
  year={1998}, 
 volume={}, 
 number={}, 
 pages={172-179},  
doi={10.1109/HPDC.1998.709970}}
}

@inproceedings{JenieAFCS,
	author = "Said D. Jenie and Agus Budiyono",
	title = "Automatic Flight Control System",
	month = jan,
	year = "2006",
	address = "Bandung, Indonesia",
}

@article{McLeanAFCS,
    author = "Donald McLean",
    title = "Automatic Flight Control Systems",
    journal = "Measurement and Control",
    volume = 36,
    issue = 6,
    month = jul,
    year = "2003",
    pages = "172--175",
}

@inproceedings{HistoryAutopilot,
  title={Flight Stability and Automatic Control},
  author={Robert C. Nelson},
  year={1989}
}

@inproceedings{chybyautopilot,
author = {Wang, Dinghua and Li, Shuqing and Xiao, Guanping and Liu, Yepang and Sui, Yulei},
title = {An Exploratory Study of Autopilot Software Bugs in Unmanned Aerial Vehicles},
year = {2021},
isbn = {9781450385626},
publisher = {Association for Computing Machinery},
address = {New York, NY, USA},
url = {https://doi.org/10.1145/3468264.3468559},
doi = {10.1145/3468264.3468559},
booktitle = {Proceedings of the 29th ACM Joint Meeting on European Software Engineering Conference and Symposium on the Foundations of Software Engineering},
pages = {20â€“31},
numpages = {12},
keywords = {empirical study, Unmanned aerial vehicles, software bugs},
location = {Athens, Greece},
series = {ESEC/FSE 2021}
}

@misc{Sperry,
	author = "William Scheck",
	title = "Lawrence Sperry: Genius on Autopilot",
	howpublished = "\url{https://www.historynet.com/lawrence-sperry-autopilot-inventor-and-aviation-innovator.htm}",
}